<?xml version="1.0" encoding="UTF-8"?><collection xmlns="http://www.loc.gov/MARC21/slim"><record><leader>00342nam--2200121-i-4500</leader><controlfield tag="001">000015076</controlfield><controlfield tag="002">20161230</controlfield><controlfield tag="005">20161230201031</controlfield><controlfield tag="008">060222s1000------------r-----000-0-eng-d</controlfield><datafield ind1=" " ind2=" " tag="100"><subfield code="a">Cooke, Nelson M. And Markus John</subfield></datafield><datafield ind1=" " ind2=" " tag="245"><subfield code="a">Electronics and nucleonics dictionary</subfield></datafield><datafield ind1=" " ind2=" " tag="260"><subfield code="a">New York, Mcgraw-hill Book Company, Inc.,1960 543 P</subfield></datafield><datafield ind1=" " ind2=" " tag="852"><subfield code="a">D 644</subfield></datafield></record></collection>